@inproceedings{gerla2014internet,
  title={Internet of vehicles: From intelligent grid to autonomous cars and vehicular clouds},
  author={Gerla, Mario and Lee, Eun-Kyu and Pau, Giovanni and Lee, Uichin},
  booktitle={Internet of Things (WF-IoT), 2014 IEEE World Forum on},
  pages={241--246},
  year={2014},
  organization={IEEE}
}

@article{fagnant2015preparing,
  title={Preparing a nation for autonomous vehicles: opportunities, barriers and policy recommendations},
  author={Fagnant, Daniel J and Kockelman, Kara},
  journal={Transportation Research Part A: Policy and Practice},
  volume={77},
  pages={167--181},
  year={2015},
  publisher={Elsevier}
}
